@misc{awsdeepar,
    title = "DeepAR Forecasting algorithm",
    url="https://docs.aws.amazon.com/sagemaker/latest/dg/deepar.html"
}

@misc{MEDIUM,
    title     = "Real-time Anomaly Detection in VPC Flow Logs",
    url="https://medium.com/@devfire/real-time-anomaly-detection-in-vpc-flow-logs-part-1-introduction-55ed000e039b"
}

@misc{awsRcf,
    title     = "AWS - Random Cut Forest with explanation",
    url="https://docs.aws.amazon.com/kinesisanalytics/latest/sqlref/sqlrf-random-cut-forest-with-explanation.html"
}

@misc{NETFLIX,
    title     = "Netflix Quote",
    url="https://medium.com/@devfire/real-time-anomaly-detection-in-vpc-flow-logs-part-2-proposed-architecture-32683755abf7"
}
@article{holt,
    author =       "Charles C. Holt",
    title =        "Forecasting seasonals and trends by exponentially weighted moving averages",
    journal =      "International Journal of Forecasting",
    volume =       "20",
    number =       "1",
    pages =        "5-10",
    year =         "2004",
    DOI =          "https://doi.org/10.1016/j.ijforecast.2003.09.015",
    keywords =     "Exponential smoothingForecastingLocal seasonalsLocal trends"
}
